@Article{HavelundLowryPenix2001,
  author = 	 {Klaus Havelund and Mike Lowry and John Penix},
  title = 	 {Formal Analysis of a Space-Craft Controller Using {SPIN}},
  journal = 	 {IEEE Transactions on Software Engineering},
  year = 	 2001,
  volume =	 27,
  number =	 8,
  pages =	 {749-765},
  month =	 {August}
}

@Book{Berardetall2001,
  author =	 {B. Berard and M. Bidoit and A. Finkel and F. Laroussinie and A. Petit and L. Petrucci and P. Schnoebelen},
  title = 	 {Systems and Software Verification},
  publisher = 	 {Springer},
  year = 	 2001
}

