% This file was created with JabRef 2.8.1.
% Encoding: Cp1252

@INPROCEEDINGS{A.Blandford2000,
  author = {A.Blandford,P.Curson},
  title = {Using a verification system to reason about post-completion errors},
  booktitle = {Specification and Verification of Interactive Systems},
  year = {2000},
  pages = {292-308}
}

@BOOK{B.Berard2001,
  title = {Systems and Software verification Model checking techniques and tools},
  publisher = {Springer Verlag},
  year = {2001},
  author = {B.Berard}
}

@INPROCEEDINGS{Clarke1999,
  author = {Clarke},
  title = {Model Checking},
  year = {1999},
  address = {Cambridge},
  publisher = {MA:MIT},
  optbooktitle = {Model Checking}
}

@ARTICLE{DanielJackson2004,
  author = {Daniel.Jackson,Jonathan.Edwards},
  title = {Faster constraint solving with subtypes},
  journal = {International Symposium on Software Testing and Analysis },
  year = {2004},
  pages = {232-242}
}

@MISC{DawsonEngler,
  author = {Dawson.Engler, Daniel.Dunbar},
  title = {Under-constrained Execution: Making Automatic Code Destruction Easy
	and Scalable},
  year = {2005},
  timestamp = {2012.08.31}
}

@BOOK{ErichGamma1995,
  title = {Design patterns: Elements of reusable object-oriented software},
  publisher = {Addison-Wesley},
  year = {1995},
  author = {Erich.Gamma,Ralph.Johnson}
}

@ARTICLE{Havelund2001,
  author = {Havelund},
  title = {Formal Analysis of a Space-Craft Controller using SPIN},
  journal = {IEEE Transactions on Software Engineering},
  year = {2001},
  volume = {8},
  pages = {749-765},
  key = {27}
}

@INPROCEEDINGS{Hoare1986,
  author = {C. A. R. Hoare},
  title = {Communicating Sequential Processes},
  year = {1986},
  address = {Prentice-Hall}
}

@INPROCEEDINGS{J.M.Spivey1989,
  author = {J.M.Spivey},
  title = {A Reference manual},
  booktitle = {The Z notation},
  year = {1989},
  series = {2 edition},
  address = {Prentice-Hall}
}

@ARTICLE{J.M.Wing1996,
  author = {J.M.Wing,Daniel.Jackson},
  title = {Lightweight Formal Methods},
  journal = {IEEE computer},
  year = {1996},
  month = {April}
}

@INPROCEEDINGS{Jackson2000,
  author = {Daniel Jackson},
  title = {Foundations of Software Engineering},
  booktitle = {Automating first-order relational logic},
  year = {2000},
  month = {November},
  publisher = {ACM SIGSOFT}
}

@BOOK{KenmcmiI.Mironov2006,
  title = {Applications of SAT solvers to cryptanalysis of hash functions},
  publisher = {Symposium on the Theory and Applications of Satisfiability Testing},
  year = {2006},
  author = {Kenmcmi,I. Mironov,L. Zhang},
  volume = {LNCS 4121},
  pages = {102-115}
}

@BOOK{M.Davis1962,
  title = {A machine program for theorem proving Communcations of the ACM},
  year = {1962},
  author = {M. Davis,G. Logemann,D. Loveland},
  volume = {5},
  pages = {394-397},
  key = {5}
}

@BOOK{M.Moskewicz2001,
  title = {Engineering ancient SAT solver},
  year = {2001},
  author = {M.Moskewicz,S.Malik. Cha},
  number = {530-535},
  pages = {530-535},
  address = {In 38th Design Automation Conference (DAC 01)}
}

@CONFERENCE{McMillan2003,
  author = {McMillan},
  title = {Exploiting SAT solvers in unbounded model checking},
  year = {2003},
  address = {CAV},
  timestamp = {2012.08.31}
}

@BOOK{McMillan1992,
  title = {Symbolic Model checking},
  publisher = {Kluwer Academic},
  year = {1992},
  author = {McMillan}
}

@BOOK{O.Strichman,
  title = {Tuning SAT-Checkers for Bounded Model-Checking and Heuristics for
	Effcient SAT solving},
  author = {O.Strichman}
}

@MISC{Palshikar2004,
  author = {Girish Keshav Palshikar},
  title = {An introduction to model checking},
  year = {2004},
  timestamp = {2012.08.31}
}

@ARTICLE{R.Bryant1986,
  author = {R.Bryant},
  title = {Graph Based Algorithms for Boolean Function Manipulation},
  journal = {IEEE Trans. on Computers},
  year = {1986}
}

@TECHREPORT{RussellBoyatt,
  author = {Russell.Boyatt,Jane.Sinclair},
  title = {Investigating post-completion errors with the Alloy Analyzer},
  institution = {University of Warwick},
  timestamp = {2012.08.31}
}

@TECHREPORT{Vaziri-Farahani2004,
  author = {Mandana Vaziri-Farahani},
  title = {Finding Bugs in Software with a Constraint Solver},
  institution = {Massachusetts Institute of Technology},
  year = {2004},
  timestamp = {2012.09.16}
}

@MISC{Wang2007,
  author = {Bo Wang},
  title = {A GUI for model checkers},
  year = {2007},
  timestamp = {2012.08.31}
}

@MISC{Yeung2005,
  author = {Vincent Yeung},
  title = {Atomization of Alloy Constraints},
  month = {May 16},
  year = {2005},
  timestamp = {2012.08.31}
}

